@article{zikeba2014boosted,
  title={Boosted SVM for extracting rules from imbalanced data in application to prediction of the post-operative life expectancy in the lung cancer patients},
  author={Zi{\k{e}}ba, Maciej and Tomczak, Jakub M and Lubicz, Marek and {\'S}wi{\k{a}}tek, Jerzy},
  journal={Applied soft computing},
  volume={14},
  pages={99--108},
  year={2014},
  publisher={Elsevier}
 }
 
 @article{breiman2001random,
  title={Random forests},
  author={Breiman, Leo},
  journal={Machine learning},
  volume={45},
  number={1},
  pages={5--32},
  year={2001},
  publisher={Springer}
}

@article{geurts2006extremely,
  title={Extremely randomized trees},
  author={Geurts, Pierre and Ernst, Damien and Wehenkel, Louis},
  journal={Machine learning},
  volume={63},
  number={1},
  pages={3--42},
  year={2006},
  publisher={Springer}
}

@article{natekin2013gradient,
  title={Gradient boosting machines, a tutorial},
  author={Natekin, Alexey and Knoll, Alois},
  journal={Frontiers in neurorobotics},
  volume={7},
  year={2013},
  publisher={Frontiers Media SA}
}

@misc{uic2016thoracic,
  title = {{Thoracic Surgery Data Set}},
  howpublished = {\url{http://archive.ics.uci.edu/ml/datasets/Thoracic+Surgery+Data}},
  note = {Accessed: 2016-04-29}
}

@book{bishop2006pattern,
  author    = {Bishop, Christopher M}, 
  title     = {Pattern Recognition and Machine Learning},
  publisher = {Springer},
  year      = 2006,
  isbn      = {0387310738}
}


@misc{patient2016spirometry,
  title = {{Spirometry, Patient Website}},
  howpublished = {\url{http://patient.info/doctor/spirometry-pro}},
  note = {Accessed: 2016-05-04}
}

@article{pedregosa2011scikit,
  title={Scikit-learn: Machine learning in Python},
  author={Pedregosa, Fabian and Varoquaux, Ga{\"e}l and Gramfort, Alexandre and Michel, Vincent and Thirion, Bertrand and Grisel, Olivier and Blondel, Mathieu and Prettenhofer, Peter and Weiss, Ron and Dubourg, Vincent and others},
  journal={The Journal of Machine Learning Research},
  volume={12},
  pages={2825--2830},
  year={2011},
  publisher={JMLR. org}
}

@article{chawla2002smote,
  title={SMOTE: synthetic minority over-sampling technique},
  author={Chawla, Nitesh V. and Bowyer, Kevin W. and Hall, Lawrence O. and Kegelmeyer, W. Philip},
  journal={Journal of artificial intelligence research},
  pages={321--357},
  year={2002}
}

@book{dubitzky2007fundamentals,
  title={Fundamentals of data mining in genomics and proteomics},
  author={Dubitzky, Werner and Granzow, Martin and Berrar, Daniel P},
  year={2007},
  publisher={Springer Science \& Business Media}
}

@article{freund1997decision,
  title={A decision-theoretic generalization of on-line learning and an application to boosting},
  author={Freund, Yoav and Schapire, Robert E},
  journal={Journal of computer and system sciences},
  volume={55},
  number={1},
  pages={119--139},
  year={1997},
  publisher={Elsevier}
}
